<record><leader>00000cas a22000007a 4500</leader><controlfield tag="001">11111542</controlfield><controlfield tag="008">840831d19021921mtuwr ne      0    0eng d</controlfield><datafield ind1=" " ind2=" " tag="010"><subfield code="a">sn 84036164 </subfield></datafield><datafield ind1=" " ind2=" " tag="040"><subfield code="a">MTL</subfield><subfield code="b">eng</subfield><subfield code="c">MTL</subfield><subfield code="d">OCLCQ</subfield></datafield><datafield ind1=" " ind2=" " tag="042"><subfield code="a">msc</subfield></datafield><datafield ind1="0" ind2="4" tag="245"><subfield code="a">The Havre plaindealer.</subfield></datafield><datafield ind1="3" ind2="0" tag="246"><subfield code="a">Havre plain dealer</subfield></datafield><datafield ind1=" " ind2=" " tag="260"><subfield code="a">Havre, Mont. :</subfield><subfield code="b">R.X. Lewis, G.W. Richardson,</subfield><subfield code="c">1902-1921.</subfield></datafield><datafield ind1=" " ind2=" " tag="300"><subfield code="a">20 v. :</subfield><subfield code="b">ill.</subfield></datafield><datafield ind1=" " ind2=" " tag="310"><subfield code="a">Weekly</subfield></datafield><datafield ind1="0" ind2=" " tag="362"><subfield code="a">Vol. 1, no. 1 (Feb. 8, 1902)-v. 20, no. 13 (May 28, 1921).</subfield></datafield><datafield ind1=" " ind2=" " tag="500"><subfield code="a">"Republican." Cf. Havre city directory, 1909-1912.</subfield></datafield><datafield ind1=" " ind2=" " tag="500"><subfield code="a">"Democratic." Cf. Havre city directory, 1913-1916; Montana newspaper directory, 1920.</subfield></datafield><datafield ind1=" " ind2=" " tag="500"><subfield code="a">"Official city paper," 1905-1906, 1910-1911, 1915; "official paper of Chouteau County, " 1908; "official [Hill] county paper, " 1918-1919.</subfield></datafield><datafield ind1=" " ind2=" " tag="500"><subfield code="a">Publisher varies.</subfield></datafield><datafield ind1=" " ind2=" " tag="752"><subfield code="a">United States</subfield><subfield code="b">Montana</subfield><subfield code="c">Hill</subfield><subfield code="d">Havre.</subfield></datafield><datafield ind1="0" ind2="0" tag="780"><subfield code="t">Milk River eagle</subfield><subfield code="w">(DLC)sn 84036163</subfield></datafield></record>